@PHDTHESIS{Santos2013a,
author={Santos, Filipe Baptista Neves dos Santos},
title={{A collaborative, non-invasive hybrid semantic localization and mapping system}},
year={2013}
}

@INPROCEEDINGS{Wu2007, 
author={Shun-xi Wu and Ming Yang}, 
booktitle={Intelligent Vehicles Symposium, 2007 IEEE}, 
title={Landmark Pair based Localization for Intelligent Vehicles using Laser Radar}, 
year={2007}, 
month={June}, 
pages={209-214}, 
keywords={Kalman filters;mobile robots;nonlinear filters;object detection;optical radar;path planning;pose estimation;extended Kalman filter;intelligent vehicle;landmark pair detection;laser radar localization;mobile robot;pose estimation;Intelligent vehicles;Laser radar;Motion estimation;Noise robustness;Radar detection;Radar tracking;Shape;State estimation;Vehicle detection;Wheels}, 
doi={10.1109/IVS.2007.4290116}, 
ISSN={1931-0587},
}

@INPROCEEDINGS{Grisetti2012, 
author={Kummerle, R. and Grisetti, G. and Strasdat, H. and Konolige, K. and Burgard, W.}, 
booktitle={Robotics and Automation (ICRA), 2011 IEEE International Conference on}, 
title={G2o: A general framework for graph optimization}, 
year={2011}, 
month={May}, 
pages={3607-3613}, 
keywords={C++ language;SLAM (robots);graph theory;least squares approximations;optimisation;robot vision;BA;SLAM;bundle adjustment;computer vision;error function;g2o;general framework;graph optimization;least squares optimization;open source C++ framework;robot vision;simultaneous localization and mapping;Barium;Jacobian matrices;Linear systems;Optimization;Simultaneous localization and mapping;Sparse matrices}, 
doi={10.1109/ICRA.2011.5979949}, 
ISSN={1050-4729},
}

@ARTICLE{Blanco2010,
author={Blanco, Jose-Luis and Gonz\'{a}lez, Javier and Fern\'{a}ndez-Madrigal, Juan-Antonio},
title={Optimal Filtering for Non-parametric Observation Models: Applications to Localization and SLAM},
journal={Int. J. Rob. Res.},
issue_date={December  2010},
volume={29},
number={14},
month=dec,
year={2010},
issn={0278-3649},
pages={1726--1742},
numpages={17},
doi={10.1177/0278364910364165},
acmid={1898562},
publisher={Sage Publications, Inc.},
address={Thousand Oaks, CA, USA},
keywords={Estimation theory, SLAM, localization, optimal estimation, particle filter},
}

@INPROCEEDINGS{Guarato2013, 
author={Guarato, F. and Windmill, J.F.C. and Gachagan, A.}, 
booktitle={Ultrasonics Symposium (IUS), 2013 IEEE International}, 
title={A new sonar localization strategy using receiver beam characteristics}, 
year={2013}, 
month={July}, 
pages={445-448}, 
keywords={echo;receivers;sonar signal processing;sonar tracking;acoustic simulation;bat beam pattern;emitter;receiver beam characteristics;sonar localization strategy;target orientation estimation;Acoustic beams;Acoustics;Azimuth;Ear;Receivers;Sonar;Time measurement}, 
doi={10.1109/ULTSYM.2013.0115}, 
ISSN={1948-5719},
}

@INPROCEEDINGS{Newcombe,
author={Newcombe, Richard A. and Fox, Dieter and Seitz, Steven M.},
title={DynamicFusion: Reconstruction and Tracking of Non-Rigid Scenes in Real-Time},
journal={The IEEE Conference on Computer Vision and Pattern Recognition (CVPR)},
month={June},
year={2015}
}

@INPROCEEDINGS{Rusu2009, 
author={Rusu, R.B. and Blodow, N. and Beetz, M.}, 
booktitle={Robotics and Automation, 2009. ICRA '09. IEEE International Conference on}, 
title={Fast Point Feature Histograms (FPFH) for 3D registration}, 
year={2009}, 
month={May}, 
pages={3212-3217}, 
keywords={Clouds;Computational complexity;Convergence;Histograms;Intelligent systems;Iterative closest point algorithm;Optimization methods;Performance analysis;Robotics and automation;Robustness}, 
doi={10.1109/ROBOT.2009.5152473}, 
ISSN={1050-4729},
}

@INPROCEEDINGS{Segal2009,
author={A. Segal AND D. Haehnel AND S. Thrun},
title={Generalized-ICP},
booktitle={Proceedings of Robotics: Science and Systems},
year={2009},
address={Seattle, USA},
month={June},
}

@INPROCEEDINGS{Zhong2009, 
author={Yu Zhong}, 
booktitle={Computer Vision Workshops (ICCV Workshops), 2009 IEEE 12th International Conference on}, 
title={Intrinsic shape signatures: A shape descriptor for 3D object recognition}, 
year={2009}, 
month={Sept}, 
pages={689-696}, 
keywords={computer graphics;computer vision;object recognition;pose estimation;shape recognition;3D object recognition;3D point clouds;3D shape descriptor;ISS;ISS shape descriptors;intrinsic shape signature;intrinsic shape signatures;pose estimation;shape descriptor;Clouds;Encoding;Geometry;Indexing;Layout;Noise shaping;Object recognition;Shape;Spatial databases;Vehicles}, 
doi={10.1109/ICCVW.2009.5457637},
}

@INPROCEEDINGS{Tamaki2010, 
author={Tamaki, T. and Abe, M. and Raytchev, B. and Kaneda, K.}, 
booktitle={Networking and Computing (ICNC), 2010 First International Conference on}, 
title={Softassign and EM-ICP on GPU}, 
year={2010}, 
month={Nov}, 
pages={179-183}, 
keywords={computer graphic equipment;coprocessors;image registration;iterative methods;multiprocessing systems;parallel architectures;3D point sets registration algorithms:;CUDA;EM-ICP;GPU;Intel core 2 Quad;OpenMP;multicore CPU;softassign;3D points;CUDA;EM-ICP;GPU;ICP;Softassign;point cloud;registration}, 
doi={10.1109/IC-NC.2010.60},
}

@INPROCEEDINGS{Wan2002, 
author={Wan, E.A. and Van Der Merwe, R.}, 
booktitle={Adaptive Systems for Signal Processing, Communications, and Control Symposium 2000. AS-SPCC. The IEEE 2000}, 
title={The unscented Kalman filter for nonlinear estimation}, 
year={2000}, 
month={}, 
pages={153-158}, 
keywords={adaptive Kalman filters;computational complexity;covariance analysis;filtering theory;learning (artificial intelligence);nonlinear estimation;nonlinear systems;parameter estimation;state estimation;Gaussian random variable;computational complexity;covariance;deterministic sampling approach;dual estimation problems;extended Kalman filter;machine learning;neural networks training;nonlinear control;nonlinear estimation;nonlinear system;nonlinear system identification;posterior mean;sample points;state distribution;state-estimation;system dynamics;unscented Kalman filter;Computational complexity;Filters;Machine learning;Neural networks;Nonlinear dynamical systems;Nonlinear systems;Performance gain;Random variables;Sampling methods;Taylor series}, 
doi={10.1109/ASSPCC.2000.882463},
}

@INPROCEEDINGS{Labb2014, 
author={Labbe, M. and Michaud, F.}, 
booktitle={Intelligent Robots and Systems (IROS 2014), 2014 IEEE/RSJ International Conference on}, 
title={Online global loop closure detection for large-scale multi-session graph-based SLAM}, 
year={2014}, 
month={Sept}, 
pages={2661-2666}, 
keywords={SLAM (robots);graph theory;laser ranging;mobile robots;position control;robot vision;Kinect;indoor mapping sessions;initial positioning;kidnapped robot problem;large-scale multisession graph-based SLAM;laser rangefinder;memory management approach;multisession mapping;online global loop closure detection;online processing requirements;simultaneous localization and mapping;Lasers;Memory management;Optimization;Simultaneous localization and mapping;Three-dimensional displays;Visualization}, 
doi={10.1109/IROS.2014.6942926},
}

@INPROCEEDINGS{Chetverikov2002, 
author={Chetverikov, D. and Svirko, D. and Stepanov, D. and Krsek, P.}, 
booktitle={Pattern Recognition, 2002. Proceedings. 16th International Conference on}, 
title={The Trimmed Iterative Closest Point algorithm}, 
year={2002}, 
month={}, 
volume={3}, 
pages={545-548 vol.3}, 
keywords={image matching;image motion analysis;image registration;least mean squares methods;Trimmed ICP;Trimmed Iterative Closest Point algorithm;convergence;geometric alignment;image registration;least trimmed squares approach;mean square error;motion analysis;partially overlapping 3D point sets;rigid noisy 3D point sets;shape defects;Automation;Convergence;Cost function;Iterative algorithms;Iterative closest point algorithm;Motion analysis;Reverse engineering;Robustness;Shape measurement;Testing}, 
doi={10.1109/ICPR.2002.1047997}, 
ISSN={1051-4651},
}

@PHDTHESIS{Magnusson2009,
author={Martin Magnusson},
title={The Three-Dimensional Normal-Distributions Transform --- an Efficient Representation for Registration, Surface Analysis, and Loop Detection},
school={Örebro University},
note={Örebro Studies in Technology 36},
year={2009},
month={dec}
}

@INPROCEEDINGS{Zhou2011, 
author={Jia-Heng Zhou and Huei-Yung Lin}, 
booktitle={Intelligent Control and Automation (WCICA), 2011 9th World Congress on}, 
title={A self-localization and path planning technique for mobile robot navigation}, 
year={2011}, 
month={June}, 
pages={694-699}, 
keywords={collision avoidance;laser ranging;mobile robots;tree searching;Dijkstra algorithm;ICP registration technique;autonomous mobile robot navigation;laser range scanner;obstacle avoidance;path planning;self-localization technique;visibility graph;Iterative closest point algorithm;Lasers;Mobile robots;Navigation;Path planning;Robot sensing systems;ICP registration;mobile robot localization;navigation;path planning;potential field}, 
doi={10.1109/WCICA.2011.5970604},
}

@INPROCEEDINGS{Bouaziz2013,
author={Bouaziz, Sofien and Tagliasacchi, Andrea and Pauly, Mark},
title={Sparse Iterative Closest Point},
booktitle={Proceedings of the Eleventh Eurographics/ACMSIGGRAPH Symposium on Geometry Processing},
series={SGP '13},
year={2013},
location={Genova, Italy},
pages={113--123},
numpages={11},
doi={10.1111/cgf.12178},
acmid={2600305},
publisher={Eurographics Association},
address={Aire-la-Ville, Switzerland, Switzerland},
}

@INPROCEEDINGS{Yang2011, 
author={Yang Peng and Xie Li and Liu Jilin}, 
booktitle={Control Conference (CCC), 2011 30th Chinese}, 
title={Angular velocity current statistical model based real-time celestial navigation for lunar rover}, 
year={2011}, 
month={July}, 
pages={4011-4016}, 
keywords={Kalman filters;angular velocity;attitude control;celestial mechanics;differential equations;gyroscopes;lunar surface;planetary rovers;statistical analysis;angular rate gyroscope;angular velocity current statistical model;attitude quaternion differential equation;autonomous navigation system;celestial observation;extended Kalman filter;kinematics model;lunar rover;real-time celestial navigation;star direction vector;star sensor;system measurement equation;Angular velocity;Equations;Kinematics;Mathematical model;Moon;Navigation;Quaternions;ACSM;Attitude Estimation;Celestial Navigation;Lunar Rover;Quaternion;Real-time}, 
ISSN={1934-1768},
}

@ARTICLE{Wu2013a,
author={Wu, Bin and Yu, Bailang and Yue, Wenhui and Shu, Song and Tan, Wenqi and Hu, Chunling and Huang, Yan and Wu, Jianping and Liu, Hongxing},
title={A Voxel-Based Method for Automated Identification and Morphological Parameters Estimation of Individual Street Trees from Mobile Laser Scanning Data},
journal={Remote Sensing},
volume={5},
year={2013},
number={2},
pages={584},
issn={2072-4292},
doi={10.3390/rs5020584}
}

@INPROCEEDINGS{Rusinkiewicz2001,
title={Efficient Variants of the ICP Algorithm},
author={Rusinkiewicz, Szymon and Levoy, Marc},
booktitle={3-D Digital Imaging and Modeling},
pages={145--152},
year={2001},
organization={IEEE}
}

@INPROCEEDINGS{Sotoodeh2006,
author={S. Sotoodeh},
title={Outlier detection in laser scanner point clouds},
booktitle={International Archives of Photogrammetry, Remote Sensing and Spatial Information Sciences XXXVI-5},
year={2006},
pages={297--302}
}

@INPROCEEDINGS{Ibraheem2010, 
author={Ibraheem, M.}, 
booktitle={Information Networking and Automation (ICINA), 2010 International Conference on}, 
title={Gyroscope-enhanced dead reckoning localization system for an intelligent Walker}, 
year={2010}, 
month={Oct}, 
volume={1}, 
pages={V1-67-V1-72}, 
keywords={Kalman filters;distance measurement;gyroscopes;knowledge based systems;mobile robots;position measurement;sensor fusion;data fusion;dead reckoning localization system;extended Kalman filter;gyroscope;intelligent walker;odometry;passive robots;position estimation;rear wheels;rule-based algorithm;self-localization;Filtering;Gyroscopes;Extended Kalman Filter;gyroscope;intelligent walke;odometry;self localization;sensor fusion}, 
doi={10.1109/ICINA.2010.5636432},
}

@ARTICLE{Einicke1999, 
author={Einicke, G.A. and White, L.B.}, 
journal={Signal Processing, IEEE Transactions on}, 
title={Robust extended Kalman filtering}, 
year={1999}, 
month={Sep}, 
volume={47}, 
number={9}, 
pages={2596-2599}, 
keywords={H∞ optimisation;Kalman filters;demodulation;discrete time filters;filtering theory;linearisation techniques;minimisation;EKF;H∞ norm minimization criterion;discrete-time filter;extended Kalman filter;linear design methods;linearization errors;nonlinear equalization;robust design;signal demodulation;Degradation;Design methodology;Filtering;Kalman filters;Minimization methods;Nonlinear filters;Robustness;Signal processing;State estimation;Taylor series}, 
doi={10.1109/78.782219}, 
ISSN={1053-587X},
}

@ARTICLE{Zhang1992,
author={Zhang, Zhengyou},
title={Iterative Point Matching for Registration of Free-form Curves and Surfaces},
journal={Int. J. Comput. Vision},
issue_date={Oct. 1994},
volume={13},
number={2},
month=oct,
year={1994},
issn={0920-5691},
pages={119--152},
numpages={34},
doi={10.1007/BF01427149},
acmid={195970},
publisher={Kluwer Academic Publishers},
address={Hingham, MA, USA},
} 

@PHDTHESIS{Rusu2010a,
author={Rusu, Radu Bogdan},
title={{Semantic 3D Object Maps for Everyday Manipulation in Human Living Environments}},
school={Technische Universit\"at M\"unchen},
year={2009},
bib2html_pubtype ={PhD Thesis}
}

@ARTICLE{Liu2011,
author={Liu, Jianshen and Yin, Baoyong and Liao, Xinxing},
doi={10.4304/jcp.6.7.1485-1492},
issn={1796203X},
journal={Journal of Computers},
keywords={Error estimate,Kalman filter,Particle filter,Scan-line,Selflocalizaton},
month=jul,
number={7},
pages={1485--1492},
title={{Robot self-localization with optimized error minimizing for soccer contest}},
volume={6},
year={2011}
}

@INPROCEEDINGS{Rusu2011, 
author={Rusu, Radu Bogdan and Cousins, Steve}, 
booktitle={Robotics and Automation (ICRA), 2011 IEEE International Conference on}, 
title={3D is here: Point Cloud Library (PCL)}, 
year={2011}, 
month={May}, 
pages={1-4}, 
keywords={feature extraction;image segmentation;robot vision;surface reconstruction;3D building blocks;3D perception gains;Kinect;PCL;advanced point cloud processing;feature estimation;international robotics community;low-cost 3D sensing hardware;model fitting;point cloud library;surface reconstruction;surface registration;surface segmentation}, 
doi={10.1109/ICRA.2011.5980567}, 
ISSN={1050-4729},
}

@ARTICLE{Alexa2003, 
author={Alexa, M. and Behr, J. and Cohen-Or, D. and Fleishman, S. and Levin, D. and Silva, Claudio T.}, 
journal={Visualization and Computer Graphics, IEEE Transactions on}, 
title={Computing and rendering point set surfaces}, 
year={2003}, 
month={Jan}, 
volume={9}, 
number={1}, 
pages={3-15}, 
keywords={image reconstruction;rendering (computer graphics);3D acquisition;computer graphics;differential geometry;moving least squares;point sample rendering;point sets;rendering;representation;smooth manifold surface;Approximation error;Displays;Error correction;Geometry;Least squares approximation;Multilevel systems;Rendering (computer graphics);Sampling methods;Shape;Strontium}, 
doi={10.1109/TVCG.2003.1175093}, 
ISSN={1077-2626},
}

@INPROCEEDINGS{Rusu2008a, 
author={Rusu, R.B. and Blodow, N. and Marton, Z.C. and Beetz, M.}, 
booktitle={Intelligent Robots and Systems, 2008. IROS 2008. IEEE/RSJ International Conference on}, 
title={Aligning point cloud views using persistent feature histograms}, 
year={2008}, 
month={Sept}, 
pages={3384-3391}, 
keywords={computational geometry;convergence of numerical methods;feature extraction;image registration;image sampling;iterative methods;solid modelling;statistical analysis;3D point cloud alignment;consistent global model;convergence basin;indoor-and-outdoor laser scan;iterative registration algorithm;optimal set extraction;persistent point feature histogram;point geometry;pose density;sampling density;Distance measurement;Histograms;Indexes;Meteorology;Noise measurement;Rough surfaces;Three dimensional displays}, 
doi={10.1109/IROS.2008.4650967},
}

@INPROCEEDINGS{Kobayashi2002, 
author={Yongguang Chen and Kobayashi, Hisashi}, 
booktitle={Communications, 2002. ICC 2002. IEEE International Conference on}, 
title={Signal strength based indoor geolocation}, 
year={2002}, 
month={}, 
volume={1}, 
pages={436-439}, 
keywords={IEEE standards;access protocols;indoor radio;radio direction-finding;radiowave propagation;telecommunication standards;IEEE802.11b MAC;access points;compensated linear method;linear method;location error;modeling method;multiple regression method;signal strength based indoor geolocation;signal strength error;signal strength modeling;simulated data;simulation experiment;Attenuation;Electrical capacitance tomography;Energy measurement;Fading;Femtocell networks;Radio transmitters;Signal analysis;Time difference of arrival;Time measurement;Wireless LAN}, 
doi={10.1109/ICC.2002.996891},
}

@INPROCEEDINGS{Djehaich2013, 
author={Djehaich, M. and Ziane, H. and Achour, N. and Tiar, R. and Ouadah, N.}, 
booktitle={Programming and Systems (ISPS), 2013 11th International Symposium on}, 
title={SLAM-ICP with a Boolean method applied on a car-like robot}, 
year={2013}, 
month={April}, 
pages={116-121}, 
keywords={Boolean functions;SLAM (robots);distance measurement;image matching;iterative methods;mobile robots;pose estimation;recursive estimation;robot vision;transforms;Boolean method;ICP;Robucar;SLAM algorithm;SLAM-ICP;binary weighted method;car-like robot;distance minimization;iterative closest points;localization approach;mapping approach;measurement alignment method;mobile robot motion recovery;recursive method;scan matching algorithms;simultaneous localization-and-mapping;Iterative closest point algorithm;Lasers;Mobile robots;Motion estimation;Robot kinematics;Simultaneous localization and mapping;ICP;Measures alignment;SLAM;Scan matching}, 
doi={10.1109/ISPS.2013.6581476},
}

@BOOK{Ivanjko2010,
title={Model Based Kalman Filter Mobile Robot Self-Localization},
author={Ivanjko, E. and Kitanov, A. and Petrovic, I.},
isbn={9789537619831},
year={2010},
publisher={INTECH Open Access Publisher}
}

@ARTICLE{Kalman1960,
author={Kalman, R. E.},
doi={10.1115/1.3662552},
isbn={9783540769897},
issn={00219223},
journal={Journal of Basic Engineering},
number={1},
pages={35},
pmid={5311910},
title={{A New Approach to Linear Filtering and Prediction Problems}},
volume={82},
year={1960}
}

@INPROCEEDINGS{Tombari2010,
author={Tombari, Federico and Salti, Samuele and Di Stefano, Luigi},
title={Unique Shape Context for 3D Data Description},
booktitle={Proceedings of the ACM Workshop on 3D Object Retrieval},
series={3DOR '10},
year={2010},
isbn={978-1-4503-0160-2},
location={Firenze, Italy},
pages={57--62},
numpages={6},
doi={10.1145/1877808.1877821},
acmid={1877821},
publisher={ACM},
address={New York, NY, USA},
keywords={3d descriptor, 3d object recognition, 3d shape context, surface matching},
}

@INPROCEEDINGS{Kim2007, 
author={Yong-Shik Kim and Bong Keun Kim and Ohba, K. and Ohya, A.}, 
booktitle={SICE, 2007 Annual Conference}, 
title={Bias estimation of DGPS multi-path data for localization of mobile robot}, 
year={2007}, 
month={Sept}, 
pages={1501-1505}, 
keywords={Global Positioning System;data structures;error analysis;mobile robots;sensors;DGPS multi path data;DGPS sensor;bias detection;bias error estimation;data structure;differential Global Positioning System;mobile robot localization;Filtering;Filters;Global Positioning System;Intelligent sensors;Mobile robots;Robot sensing systems;Satellite navigation systems;Sensor fusion;Sensor phenomena and characterization;State estimation;Kalman filter;State estimation;bias estimation;data integration;localization;multi-sensor}, 
doi={10.1109/SICE.2007.4421220},
}

@INPROCEEDINGS{Reinstein2013, 
author={Reinstein, M. and Kubelka, V. and Zimmermann, K.}, 
booktitle={Robotics and Automation (ICRA), 2013 IEEE International Conference on}, 
title={Terrain adaptive odometry for mobile skid-steer robots}, 
year={2013}, 
month={May}, 
pages={4706-4711}, 
keywords={distance measurement;mobile robots;path planning;regression analysis;wavelet transforms;RMSE;RTC approach;correction coefficients;feature extraction;frequency domain;ground truth trajectory;inertial measurement unit;inherent slip compensation;mobile skid-steer robots;odometry precision;odometry reliability;portable overhead camera tracking system;regression function;robot odometry;robotic terrain classification;root mean square error;statistical features;terrain adaptive odometry;time domain;wavelet features;Adaptation models;Navigation;Robot sensing systems;Testing;Training;Trajectory}, 
doi={10.1109/ICRA.2013.6631247}, 
ISSN={1050-4729},
}

@ARTICLE{Jez2008,
author={Je\v{z}, O},
journal={ATP journal},
pages={29--37},
title={{Evaluation of a factorized ICP based method for 3D mapping and localization}},
year={2008}
}

@ARTICLE{Grisetti2007, 
author={Grisetti, G. and Stachniss, C. and Burgard, W.}, 
journal={Robotics, IEEE Transactions on}, 
title={Improved Techniques for Grid Mapping With Rao-Blackwellized Particle Filters}, 
year={2007}, 
month={Feb}, 
volume={23}, 
number={1}, 
pages={34-46}, 
keywords={SLAM (robots);mobile robots;particle filtering (numerical methods);Rao-Blackwellized particle filters;grid mapping;mobile robots;particle depletion;simultaneous localization and mapping problem;Computer science;Contracts;Distributed computing;Mobile robots;Orbital robotics;Particle filters;Proposals;Robot sensing systems;Simultaneous localization and mapping;Uncertainty;Adaptive resampling;Rao-Blackwellized particle filter (RBPF);improved proposal;motion model;simultaneous localization and mapping (SLAM)}, 
doi={10.1109/TRO.2006.889486}, 
ISSN={1552-3098},
}

@ARTICLE{Kaczurba2013,
author={Kaczurba, Witold},
journal={Analog Dialogue},
number={47-12},
pages={1--5},
title={{FPGA-Based System Combines Two Video Streams to Provide 3D Video}},
year={2013}
}

@INPROCEEDINGS{Kerl,
author={Steinbr\"{u}cker, Frank and Kerl, Christian and Cremers, Daniel},
title={Large-Scale Multi-resolution Surface Reconstruction from RGB-D Sequences},
booktitle={Proceedings of the 2013 IEEE International Conference on Computer Vision},
series={ICCV '13},
year={2013},
isbn={978-1-4799-2840-8},
pages={3264--3271},
numpages={8},
doi={10.1109/ICCV.2013.405},
acmid={2586926},
publisher={IEEE Computer Society},
address={Washington, DC, USA},
} 

@ARTICLE{Julier1997,
author={Julier, Simon J. and Uhlmann, Jeffrey K.},
doi={10.1117/12.280797},
isbn={0-7803-6293-4},
issn={0277786X},
journal={AeroSense '97},
keywords={Estimation,Kalman filtering,Navigation,Non-linear systems,estimation,non-linear systems,sampling},
number={2},
pages={182--193},
pmid={5098},
title={{A New Extension of the Kalman Filter to Nonlinear Systems}},
volume={3},
year={1997}
}

@INPROCEEDINGS{Pomerleau2011, 
author={Pomerleau, F. and Magnenat, S. and Colas, F. and Ming Liu and Siegwart, R.}, 
booktitle={Intelligent Robots and Systems (IROS), 2011 IEEE/RSJ International Conference on}, 
title={Tracking a depth camera: Parameter exploration for fast ICP}, 
year={2011}, 
month={Sept}, 
pages={3824-3829}, 
keywords={Accuracy;Approximation methods;Complexity theory;Iterative closest point algorithm;Noise;Sensors;Three dimensional displays}, 
doi={10.1109/IROS.2011.6094861}, 
ISSN={2153-0858},
}

@INPROCEEDINGS{Stuckler2012,
author={J. Stückler and S. Behnke},
title={Integrating depth and color cues for dense multi-resolution scene mapping using RGB-D cameras},
booktitle={Proc. of the IEEE Int. Conf. on Multisensor Fusion and Integration for Intelligent Systems (MFI)},
year={2012},
month=sep,
pages={162-167},
doi={10.1109/MFI.2012.6343050},
}

@ARTICLE{R.1948,
address={Singapore},
author={R., W.},
doi={10.1038/162911c0},
isbn={0470845295},
issn={0028-0836},
journal={Nature},
language={English},
month=apr,
number={4128},
pages={911--911},
publisher={John Wiley \& Sons, Ltd},
title={{Introduction to Wireless}},
volume={162},
year={1948}
}

@ARTICLE{Saito2009,
author={Saito, Priscila Tiemi Maeda; Ricardo José Sabatine; Wolf, Denis Fernando; Branco, Kalinka R. L. J. C.},
journal={International Journal of Future Generation Communication},
keywords={parallel implementation of algorithms,performance attributes},
number={4},
pages={49--64},
title={{An analysis of parallel approaches for a mobile robotic self-localization algorithm}},
volume={2},
year={2009}
}

@ARTICLE{Vitter1984,
author={Vitter, Jeffrey Scott},
title={Faster Methods for Random Sampling},
journal={Commun. ACM},
issue_date={July 1984},
volume={27},
number={7},
month=jul,
year={1984},
issn={0001-0782},
pages={703--718},
numpages={16},
doi={10.1145/358105.893},
acmid={893},
publisher={ACM},
address={New York, NY, USA},
}

@INPROCEEDINGS{Tuna2012, 
author={Tuna, G. and Gulez, K. and Gungor, V.C. and Veli Mumcu, T.}, 
booktitle={IECON 2012 - 38th Annual Conference on IEEE Industrial Electronics Society}, 
title={Evaluations of different Simultaneous Localization and Mapping (SLAM) algorithms}, 
year={2012}, 
month={Oct}, 
pages={2693-2698}, 
keywords={Kalman filters;SLAM (robots);computational complexity;distance measurement;mobile robots;multi-robot systems;nonlinear filters;notebook computers;robot vision;sensors;CEKF;CPU processing power tests;SLAM algorithm measurements;SLAM algorithm performance;UKF;artificial features;compressed extended Kalman filter;computational complexities;exteroceptive sensors;multiple autonomous robots;natural features;netbook;notebooks;odometry information;outdoor SLAM applications;processing time requirements;simultaneous localization-and-mapping algorithms;unscented Kalman filter;Estimation;MONOS devices;Navigation;Power measurement;Simultaneous localization and mapping;Visualization}, 
doi={10.1109/IECON.2012.6389151}, 
ISSN={1553-572X},
}

@ARTICLE{Lowe2004,
year={2004},
issn={0920-5691},
journal={International Journal of Computer Vision},
volume={60},
number={2},
doi={10.1023/B:VISI.0000029664.99615.94},
title={Distinctive Image Features from Scale-Invariant Keypoints},
publisher={Kluwer Academic Publishers},
keywords={invariant features; object recognition; scale invariance; image matching},
author={Lowe, DavidG.},
pages={91-110},
language={English}
}

@INPROCEEDINGS{Gelfand,
author={Natasha Gelfand and Szymon Rusinkiewicz},
title={Geometrically Stable Sampling for the ICP Algorithm},
booktitle={Proc. International Conference on 3D Digital Imaging and Modeling},
year={2003},
pages={260--267}
}

@ARTICLE{Lingemann2005,
author={Lingemann, Kai and N\"{u}chter, Andreas and Hertzberg, Joachim and Surmann, Hartmut},
doi={10.1016/j.robot.2005.02.004},
issn={09218890},
journal={Robotics and Autonomous Systems},
keywords={Autonomous mobile robots,High-speed robotics,Localization,Pose tracking,Scan matching},
number={4},
pages={275--296},
title={{High-speed laser localization for mobile robots}},
volume={51},
year={2005}
}

@INPROCEEDINGS{Sturm2012,
author={Sturm, Jrgen and Engelhard, Nikolas and Endres, Felix and Burgard, Wolfram and Cremers, Daniel},
doi={10.1109/IROS.2012.6385773},
isbn={9781467317375},
issn={21530858},
journal={IEEE International Conference on Intelligent Robots and Systems},
month=oct,
pages={573--580},
pmid={6385773},
publisher={IEEE},
title={{A benchmark for the evaluation of RGB-D SLAM systems}},
year={2012}
}

@ARTICLE{Ribeiro2004,
author={Ribeiro, Maria Isabel},
journal={Institute for Systems and Robotics Lisboa Portugal},
number={February},
pages={42},
title={{Kalman and Extended Kalman Filters : Concept , Derivation and Properties}},
year={2004}
}

@INPROCEEDINGS{Fox1999,
author={Fox, Dieter and Burgard, Wolfram and Dellaert, Frank and Thrun, Sebastian},
journal={American Association for Artificial Intelligence},
number={Handschin 1970},
pages={1--6},
title={{Monte Carlo Localization: Efficient Position Estimation for Mobile Robots}},
year={1999}
}

@PHDTHESIS{Diosi2005,
author={Diosi, Albert},
number={August},
school={Monash University},
title={{Laser Range Finder and Advanced Sonar Based Simultaneous Localization and Mapping for Mobile Robots}},
year={2005}
}

@PHDTHESIS{Pomerleau2013,
author={Pomerleau, Fran\c{c}ois},
school={ETH Z\"{u}rich},
title={{Methodology and Tools for ICP-like Algorithms}},
year={2013}
}

@ARTICLE{Pomerleau2013a,
year={2013},
issn={0929-5593},
journal={Autonomous Robots},
volume={34},
number={3},
doi={10.1007/s10514-013-9327-2},
title={Comparing ICP variants on real-world data sets},
publisher={Springer US},
keywords={Experimental protocol; Iterative closest point; Registration; Open-source; SLAM; Mapping},
author={Pomerleau, François and Colas, Francis and Siegwart, Roland and Magnenat, Stéphane},
pages={133-148},
language={English}
}

@INPROCEEDINGS{Knedlik2007, 
author={Dai, Z. and Knedlik, S. and Ubolkosold, P. and Zhou, J. and Loffeld, O.}, 
booktitle={Vehicular Electronics and Safety, 2007. ICVES. IEEE International Conference on}, 
title={Integrated GPS navigation for civilian vehicles in challenging environment}, 
year={2007}, 
month={Dec}, 
pages={1-6}, 
keywords={Global Positioning System;sensor fusion;vehicles;GLONASS;Galileo;Global Navigation Satellite System;Global Positioning System;attenuated signal environment;integrated GPS civilian vehicle navigation;sensor fusion;Degradation;Earth;GSM;Global Positioning System;Redundancy;Satellite navigation systems;Sensor fusion;Sensor systems;Vehicles;Wheels}, 
doi={10.1109/ICVES.2007.4456382},
}

@ARTICLE{YangZhang2010, 
author={Yang Zhang and Meratnia, N. and Havinga, P.}, 
journal={Communications Surveys Tutorials, IEEE}, 
title={Outlier Detection Techniques for Wireless Sensor Networks: A Survey}, 
year={2010}, 
month={Second}, 
volume={12}, 
number={2}, 
pages={159-170}, 
keywords={wireless sensor networks;data type;outlier degree;outlier detection techniques;outlier identity;outlier type;sensor data;technique-based taxonomy;wireless sensor networks;Outlier;outlier detection;taxonomy;wireless sensor networks}, 
doi={10.1109/SURV.2010.021510.00088}, 
ISSN={1553-877X},
}

@ARTICLE{Pinto2012,
author={Pinto, Miguel and Moreira, António},
journal={International Journal of Advances in Engineering and Technology},
title={{Novel 3D matching self-localization algorithm}},
year={2012}
}

@INPROCEEDINGS{Tombari2011, 
author={Tombari, F. and Salti, S. and Di Stefano, L.}, 
booktitle={Image Processing (ICIP), 2011 18th IEEE International Conference on}, 
title={A combined texture-shape descriptor for enhanced 3D feature matching}, 
year={2011}, 
month={Sept}, 
pages={809-812}, 
keywords={feature extraction;image matching;image sensors;image texture;object recognition;shape recognition;3D mesh;3D sensors;combined texture-shape descriptor;dubbed CSHOT;enhanced 3D feature matching;object recognition scenarios;Accuracy;Feature extraction;Histograms;Image color analysis;Measurement;Shape;Three dimensional displays;3D Descriptor;3D Features;Surface Matching}, 
doi={10.1109/ICIP.2011.6116679}, 
ISSN={1522-4880},
}

@INPROCEEDINGS{Kitt2010, 
author={Kitt, B. and Geiger, A. and Lategahn, H.}, 
booktitle={Intelligent Vehicles Symposium (IV), 2010 IEEE}, 
title={Visual odometry based on stereo image sequences with RANSAC-based outlier rejection scheme}, 
year={2010}, 
month={June}, 
pages={486-492}, 
keywords={Kalman filters;distance measurement;driver information systems;image sequences;inertial navigation;inertial systems;iterative methods;motion estimation;stereo image processing;RANSAC-based outlier rejection scheme;calibration;driver assistance systems;inertial navigation system;iterated sigma point Kalman filter;motion estimation;stereo image sequences;trifocal geometry;video sequences;visual odometry;Calibration;Cameras;Geometry;Image sequences;Inertial navigation;Layout;Motion estimation;Robustness;Vehicle dynamics;Video sequences}, 
doi={10.1109/IVS.2010.5548123}, 
ISSN={1931-0587},
}

@INPROCEEDINGS{Wohlkinger2011, 
author={Wohlkinger, W. and Vincze, M.}, 
booktitle={Robotics and Biomimetics (ROBIO), 2011 IEEE International Conference on}, 
title={Ensemble of shape functions for 3D object classification}, 
year={2011}, 
month={Dec}, 
pages={2987-2992}, 
keywords={CAD;image classification;image retrieval;image sensors;object recognition;shape recognition;3D object classification;3D retrieval task;CAD-models;Kinect-style depth sensor;object class recognition;partial point clouds;real-time 3D shape;shape descriptor;shape functions;synthetic data;table scene contexts;Databases;Histograms;Real time systems;Robot sensing systems;Shape;Solid modeling;Three dimensional displays}, 
doi={10.1109/ROBIO.2011.6181760},
}

@INPROCEEDINGS{Moras2010, 
author={Moras, J. and Cherfaoui, V. and Bonnifait, P.}, 
booktitle={Control Automation Robotics Vision (ICARCV), 2010 11th International Conference on}, 
title={A lidar perception scheme for intelligent vehicle navigation}, 
year={2010}, 
month={Dec}, 
pages={1809-1814}, 
keywords={automated highways;automobiles;collision avoidance;mobile robots;optical radar;autonomous vehicle;driving assistance system;free space determination;intelligent vehicle navigation;lidar perception;multiecho measurement;multilayer measurement;obstacle detection;passenger-cars;Cameras;Laser radar;Measurement by laser beam;Mobile communication;Object detection;Sensors;Vehicles;Environmental Perception;Intelligent Vehicles;Mapping;Mobile Object Detection}, 
doi={10.1109/ICARCV.2010.5707962},
}

@ARTICLE{Chen2003b,
abstract={In this self-contained survey/review paper, we system- atically investigate the roots of Bayesian filtering as well as its rich leaves in the literature. Stochastic filtering theory is briefly reviewed with emphasis on nonlinear and non-Gaussian filtering. Following the Bayesian statistics, different Bayesian filtering techniques are de- veloped given different scenarios. Under linear quadratic Gaussian circumstance, the celebrated Kalman filter can be derived within the Bayesian framework. Optimal/suboptimal nonlinear filtering tech- niques are extensively investigated. In particular, we focus our at- tention on the Bayesian filtering approach based on sequential Monte Carlo sampling, the so-called particle filters. Many variants of the particle filter as well as their features (strengths and weaknesses) are discussed. Related theoretical and practical issues are addressed in detail. In addition, some other (new) directions on Bayesian filtering are also explored.},
archivePrefix={arXiv},
arxivId={10.1.1.107.7415},
author={Chen, ZHE},
doi={10.1.1.107.7415},
eprint={10.1.1.107.7415},
institution={McMaster University},
issn={00220949},
journal={Statistics},
keywords={adaptive systems lab,mcmaster university},
number={1},
pages={1--69},
pmid={18288504},
publisher={Citeseer},
title={{Bayesian Filtering : From Kalman Filters to Particle Filters , and Beyond VI Sequential Monte Carlo Estimation : Particle Filters}},
volume={182},
year={2003}
}

@ARTICLE{Filipe2014a,
author={Filipe, S. and Alexandre, L.},
isbn={9789897580031},
journal={9th International Conference on Computer Vision Theory and Applications},
title={{A Comparative Evaluation of 3D Keypoint Detectors in a RGB-D Object Dataset}},
year={2014}
}

@ARTICLE{Lee2006,
author={Lee, Sukhan Lee Sukhan and Kim, Eunyoung Kim Eunyoung and Park, Yeonchool Park Yeonchool},
doi={10.1109/ROBOT.2006.1642278},
isbn={0-7803-9505-0},
issn={1050-4729},
journal={Proceedings 2006 IEEE International Conference on Robotics and Automation, 2006. ICRA 2006.},
number={May},
pages={3768--3774},
publisher={IEEE},
title={{3D object recognition using multiple features for robotic manipulation}},
year={2006}
}

@ARTICLE{Yang2014,
author={Yang, Hong-Seok and Park, Ji-man and Han, Jung-suk and Lee, Jai-bong and Kim, Sung-Hun and Yeo, In-sung},
doi={10.4047/jap.2014.6.4.259},
issn={2005-7806},
journal={The journal of advanced prosthodontics},
keywords={abutment,axial wall convergence angle,stereovision dental image,three-dimensional,tracing},
month=aug,
number={4},
pages={259--65},
pmid={25177468},
title={{Measuring abutment convergence angles using stereovision dental image processing system.}},
volume={6},
year={2014}
}

@ARTICLE{Thrun2002,
author={Thrun, Sebastian},
title={Probabilistic Robotics},
journal={Commun. ACM},
issue_date={March 2002},
volume={45},
number={3},
month=mar,
year={2002},
issn={0001-0782},
pages={52--57},
numpages={6},
doi={10.1145/504729.504754},
acmid={504754},
publisher={ACM},
address={New York, NY, USA},
}

@ARTICLE{Tipaldi2013,
author={Tipaldi, Gian Diego and Meyer-Delius, Daniel and Burgard, Wolfram},
title={Lifelong Localization in Changing Environments},
journal={The International Journal of Robotics Research},
issue_date={December  2013},
volume={32},
number={14},
month=dec,
year={2013},
issn={0278-3649},
pages={1662--1678},
numpages={17},
doi={10.1177/0278364913502830},
acmid={2563657},
publisher={Sage Publications, Inc.},
address={Thousand Oaks, CA, USA},
keywords={Mobile and distributed robotics SLAM, cognitive robotics, learning and adaptive systems, localization, mapping},
}

@ARTICLE{Mautz2012,
author={Mautz, Rainer},
doi={10.3929/ethz-a-007313554},
institution={ETH Zurich},
isbn={9783908440314;},
keywords={Architecture,Built Environment and Environmental Design,Cartography,General,Geodesy,Geomatics,Remote Sensing},
number={February 2012},
pages={127},
title={{Indoor Positioning Technologies}},
year={2012}
}

@ARTICLE{Hornung2013,
author={Hornung, Armin and Wurm, Kai M. and Bennewitz, Maren and Stachniss, Cyrill and Burgard, Wolfram},
doi={10.1007/s10514-012-9321-0},
issn={09295593},
journal={Autonomous Robots},
keywords={3D,Mapping,Navigation,Probabilistic},
month=feb,
number={3},
pages={189--206},
title={{OctoMap: An efficient probabilistic 3D mapping framework based on octrees}},
volume={34},
year={2013}
}

@conference {Quigley2009,
title={ROS: an open-source Robot Operating System},
booktitle={ICRA Workshop on Open Source Software},
year={2009},
author={Morgan Quigley and Ken Conley and Brian P. Gerkey and Josh Faust and Tully Foote and Jeremy Leibs and Rob Wheeler and Andrew Y. Ng}
}

@ARTICLE{Bshara2010, 
author={Bshara, M. and Orguner, U. and Gustafsson, F. and Van Biesen, L.}, 
journal={Vehicular Technology, IEEE Transactions on}, 
title={Fingerprinting Localization in Wireless Networks Based on Received-Signal-Strength Measurements: A Case Study on WiMAX Networks}, 
year={2010}, 
month={Jan}, 
volume={59}, 
number={1}, 
pages={283-294}, 
keywords={WiMax;fingerprint identification;radio networks;Belgium;Brussels;WiMAX networks;base-station-strict methodology;fingerprinting localization;likelihood-calculation mechanism;power maps;received-signal-strength measurements;wireless networks;Fingerprinting;Global Positioning System (GPS);Global System for Mobile Communications (GSM);SCORE;WiMAX;location-based service (LBS);navigation;path loss model;positioning;positioning accuracy;power maps (PMs);received signal strength (RSS);road network information;time of arrival (TOA)}, 
doi={10.1109/TVT.2009.2030504}, 
ISSN={0018-9545},
}

@INPROCEEDINGS{Whelan2013a, 
author={Whelan, T. and Johannsson, H. and Kaess, M. and Leonard, J.J. and McDonald, J.}, 
booktitle={Robotics and Automation (ICRA), 2013 IEEE International Conference on}, 
title={Robust real-time visual odometry for dense RGB-D mapping}, 
year={2013}, 
month={May}, 
pages={5724-5731}, 
keywords={SLAM (robots);cameras;distance measurement;image colour analysis;robot vision;GPU;Kintinuous algorithm;RGB-D camera pose tracking;SLAM pose-graph optimisation;advanced fused real-time surface coloring;dense RGB-D mapping;dense fully colored models;multiple 6DOF camera odometry estimation methods;robotics;robust real-time visual odometry;robust tracking;spatially extended KinectFusion;virtual reality applications;Cameras;Color;Graphics processing units;Image color analysis;Instruction sets;Iterative closest point algorithm;Visualization}, 
doi={10.1109/ICRA.2013.6631400}, 
ISSN={1050-4729},
}

@ARTICLE{Lauer2006a,
year={2006},
isbn={978-3-540-35437-6},
booktitle={RoboCup 2005: Robot Soccer World Cup IX},
volume={4020},
series={Lecture Notes in Computer Science},
editor={Bredenfeld, Ansgar and Jacoff, Adam and Noda, Itsuki and Takahashi, Yasutake},
doi={10.1007/11780519_13},
title={Calculating the Perfect Match: An Efficient and Accurate Approach for Robot Self-localization},
publisher={Springer Berlin Heidelberg},
author={Lauer, Martin and Lange, Sascha and Riedmiller, Martin},
pages={142-153},
language={English}
}

@ARTICLE{Frome2004,
year={2004},
isbn={978-3-540-21982-8},
booktitle={Computer Vision - ECCV 2004},
volume={3023},
series={Lecture Notes in Computer Science},
editor={Pajdla, Tomáš and Matas, Jiří},
doi={10.1007/978-3-540-24672-5_18},
title={Recognizing Objects in Range Data Using Regional Point Descriptors},
publisher={Springer Berlin Heidelberg},
author={Frome, Andrea and Huber, Daniel and Kolluri, Ravi and Bülow, Thomas and Malik, Jitendra},
pages={224-237},
language={English}
}

@ARTICLE{Kaess2008, 
author={Kaess, M. and Ranganathan, A. and Dellaert, F.}, 
journal={Robotics, IEEE Transactions on}, 
title={iSAM: Incremental Smoothing and Mapping}, 
year={2008}, 
month={Dec}, 
volume={24}, 
number={6}, 
pages={1365-1378}, 
keywords={SLAM (robots);matrix decomposition;mobile robots;position control;sensor fusion;smoothing methods;sparse matrices;data association;incremental matrix factorization;incremental smoothing-mapping;periodic variable reordering;robot trajectory;simultaneous localization and mapping problem;sparse smoothing information matrix;uncertainty estimation;Data association;localization;mapping;mobile robots;nonlinear estimation;simultaneous localization and mapping (SLAM);smoothing}, 
doi={10.1109/TRO.2008.2006706}, 
ISSN={1552-3098},
}

@BOOK{Jolliffe2002,
author={Jolliffe},
keywords={Principal Component Analysis,Statistical Theory and Methods},
title={{Principal component analysis}},
volume={2},
year={2002}
}

@ARTICLE{Fox2003,
author={Fox, Dieter},
doi={10.1177/0278364903022012001},
isbn={02783649 (ISSN)},
issn={02783649},
journal={The International Journal of Robotics Research},
number={12},
pages={985--1003},
title={{Adapting the Sample Size in Particle Filters Through KLD-Sampling}},
volume={22},
year={2003}
}

@ARTICLE{Arulampalam2002, 
author={Arulampalam, M.S. and Maskell, S. and Gordon, N. and Clapp, T.}, 
journal={Signal Processing, IEEE Transactions on}, 
title={A tutorial on particle filters for online nonlinear/non-Gaussian Bayesian tracking}, 
year={2002}, 
month={Feb}, 
volume={50}, 
number={2}, 
pages={174-188}, 
keywords={Bayes methods;Kalman filters;Monte Carlo methods;filtering theory;importance sampling;state estimation;state-space methods;tracking filters;Kalman filtering;nonGaussian tracking problems;nonlinear tracking problems;optimal Bayesian algorithms;particle filters;point mass representations;probability densities;sequential Monte Carlo methods;sequential importance sampling;state-space model;suboptimal Bayesian algorithms;tutorial;Bayesian methods;Costs;Filtering;Kalman filters;Monte Carlo methods;Nonlinear dynamical systems;Particle filters;Particle tracking;Signal processing;Tutorial}, 
doi={10.1109/78.978374}, 
ISSN={1053-587X},
}

@ARTICLE{Sansoni2009,
author={Sansoni, Giovanna and Trebeschi, Marco and Docchio, Franco},
doi={10.3390/s90100568},
isbn={1424-8220},
issn={14248220},
journal={Sensors},
keywords={3D sensors,Crime scene investigation,Heritage restoration,Optical triangulation,Reverse engineering,Surface quality control,Virtual reality},
month=jan,
number={1},
pages={568--601},
pmid={22389618},
title={{State-of-the-art and applications of 3D imaging sensors in industry, cultural heritage, medicine, and criminal investigation}},
volume={9},
year={2009}
}

@ARTICLE{Fischler1981,
author={Fischler, Martin a. and Bolles, Robert C.},
doi={10.1145/358669.358692},
isbn={0934613338},
issn={00010782},
journal={Communications of the ACM},
keywords={automated cartography,camera calibration,computer\_vision,epipolar,geometry,image matching,keypoints,location determination,match-rejection,model fitting,motion-estimation,multi-view,rpc,scene analysis,sift,stereo,structure\_from\_motion,tracking},
number={6},
pages={381--395},
title={{Random sample consensus: a paradigm for model fitting with applications to image analysis and automated cartography}},
volume={24},
year={1981}
}

@ARTICLE{Besl1992a, 
author={Besl, P.J. and McKay, Neil D.}, 
journal={Pattern Analysis and Machine Intelligence, IEEE Transactions on}, 
title={A method for registration of 3-D shapes}, 
year={1992}, 
month={Feb}, 
volume={14}, 
number={2}, 
pages={239-256}, 
keywords={computational geometry;convergence of numerical methods;iterative methods;optimisation;pattern recognition;picture processing;3D shape registration;convergence;geometric entity;geometric model;iterative closest point;mean-square distance metric;pattern recognition;point set registration;Convergence;Inspection;Iterative algorithms;Iterative closest point algorithm;Iterative methods;Motion estimation;Quaternions;Shape measurement;Solid modeling;Testing}, 
doi={10.1109/34.121791}, 
ISSN={0162-8828},
}
